<collection xmlns="http://www.loc.gov/MARC21/slim">
<record>
  <leader>01221nam0a22001931i 450 </leader>
  <controlfield tag="001">IT\ICCU\CNCE\038864</controlfield>
  <controlfield tag="005">19981104000000.0</controlfield>
  <datafield tag="012" ind1=" " ind2=" ">
    <subfield code="a">,car neto o.s- labe (3) 1564 (A)</subfield>
    <subfield code="2">fei</subfield>
  </datafield>
  <datafield tag="100" ind1=" " ind2=" ">
    <subfield code="a">19981104d1564        0itac0103    ba</subfield>
  </datafield>
  <datafield tag="101" ind1=" " ind2=" ">
    <subfield code="a">ITA</subfield>
  </datafield>
  <datafield tag="102" ind1=" " ind2=" ">
    <subfield code="a">IT</subfield>
  </datafield>
  <datafield tag="200" ind1="1" ind2=" ">
    <subfield code="a">Dante con l&apos;esposizione di Cristoforo Landino e di Alessandro Velutello sopra la sua comedia ... con tauole, argomenti e allegorie, e riformato alla sua vera lettura per Francesco Samsovino</subfield>
  </datafield>
  <datafield tag="210" ind1=" " ind2=" ">
    <subfield code="a">In Venetia</subfield>
    <subfield code="c">appresso Giouamb.Marchio Sessa et fratelli</subfield>
    <subfield code="d">1564</subfield>
    <subfield code="e">In Venetia</subfield>
    <subfield code="g">appresso Domenico Nicolino</subfield>
    <subfield code="h">per Giouanbattista Marchio Sessa et fratelli</subfield>
  </datafield>
  <datafield tag="215" ind1=" " ind2=" ">
    <subfield code="a">\28!, 163, \4!, 164, 392 p.</subfield>
    <subfield code="c">ill.</subfield>
    <subfield code="d"></subfield>
  </datafield>
  <datafield tag="300" ind1=" " ind2=" ">
    <subfield code="a">((Cfr. NUC, v. 132, p. 631. - Errori nella paginazione (p. 29, 231, 257, 272, 288, 299, 376 erroneamente segnate 37, 312, 256, 270, 286, 209, 375). - Riccamente ill. in ogni canto dell&apos;opera. - Marca tip. (Z588) nel verso dell&apos;ultima p. - Segn.: *8 2*6 3*4</subfield>
  </datafield>
  <datafield tag="700" ind1=" " ind2="1">
    <subfield code="a">Alighieri,</subfield>
    <subfield code="b">Dante</subfield>
    <subfield code="3">IT\ICCU\CNCA\000318</subfield>
  </datafield>
  <datafield tag="801" ind1=" " ind2="3">
    <subfield code="a">IT</subfield>
    <subfield code="b">ICCU</subfield>
    <subfield code="c">20201114</subfield>
  </datafield>
  <datafield tag="899" ind1=" " ind2=" ">
    <subfield code="a">Biblioteca comunale. Imola</subfield>
    <subfield code="1">BO0199</subfield>
    <subfield code="2">UBO BC</subfield>
  </datafield>
  <datafield tag="899" ind1=" " ind2=" ">
    <subfield code="a">Biblioteca nazionale universitaria. Torino</subfield>
    <subfield code="1">TO0265</subfield>
    <subfield code="2">TO0 02</subfield>
  </datafield>
</record>
</collection>
